<record><leader>00000cas a2200000 a 4500</leader><controlfield tag="001">12680241</controlfield><controlfield tag="008">851016d18891890ksuwr ne      0    0eng d</controlfield><datafield ind1=" " ind2=" " tag="010"><subfield code="a">sn 85032302 </subfield></datafield><datafield ind1=" " ind2=" " tag="040"><subfield code="a">KSH</subfield><subfield code="b">eng</subfield><subfield code="c">KSH</subfield><subfield code="d">NPT</subfield><subfield code="d">OCL</subfield><subfield code="d">OCLCQ</subfield></datafield><datafield ind1=" " ind2=" " tag="042"><subfield code="a">msc</subfield></datafield><datafield ind1="0" ind2="0" tag="245"><subfield code="a">Union labor trumpet, the people's friend.</subfield></datafield><datafield ind1=" " ind2=" " tag="260"><subfield code="a">Kensington, Kan. :</subfield><subfield code="b">M.L. &amp; K. Lockwood,</subfield><subfield code="c">1889-1890.</subfield></datafield><datafield ind1=" " ind2=" " tag="300"><subfield code="a">1 v. ;</subfield><subfield code="c">58 cm.</subfield></datafield><datafield ind1=" " ind2=" " tag="310"><subfield code="a">Weekly</subfield></datafield><datafield ind1="0" ind2=" " tag="362"><subfield code="a">Vol. 4, no. 47 (June 8, 1889)-v. 5, no. 44 (Aug. 9, 1890).</subfield></datafield><datafield ind1=" " ind2=" " tag="500"><subfield code="a">Published at Smith Center, Kan., Aug. 9, 1890.</subfield></datafield><datafield ind1=" " ind2=" " tag="580"><subfield code="a">Merged with: Lebanon journal (Lebanon, Kan.) during suspension of Lebanon journal (Lebanon, Kan.), to form: Smith County journal.</subfield></datafield><datafield ind1=" " ind2=" " tag="752"><subfield code="a">United States</subfield><subfield code="b">Kansas</subfield><subfield code="c">Smith</subfield><subfield code="d">Kensington.</subfield></datafield><datafield ind1=" " ind2=" " tag="752"><subfield code="a">United States</subfield><subfield code="b">Kansas</subfield><subfield code="c">Smith</subfield><subfield code="d">Smith Center.</subfield></datafield><datafield ind1="0" ind2="0" tag="780"><subfield code="t">Clarion trumpet and people's friend</subfield><subfield code="w">(DLC)sn 85032301</subfield></datafield><datafield ind1="1" ind2="4" tag="785"><subfield code="t">Lebanon journal (Lebanon, Kan.)</subfield><subfield code="w">(DLC)sn 85029840</subfield></datafield><datafield ind1="1" ind2="4" tag="785"><subfield code="t">Smith County journal</subfield><subfield code="w">(DLC)sn 85029766</subfield></datafield><datafield ind1="1" ind2=" " tag="029"><subfield code="a">AU@</subfield><subfield code="b">000022165295</subfield></datafield></record>